@Online{kmk:2010,
	author = {{Kultusministerkonferenz}},
	title = {{Ländergemeinsame Strukturvorgaben für die Akkreditierung von Bachelor- und Masterstudiengängen }},
	url = {https://www.kmk.org/fileadmin/Dateien/veroeffentlichungen_beschluesse/2003/2003_10_10-Laendergemeinsame-Strukturvorgaben.pdf},
	year = {2010}
}
@Article{Herneck:1976,
author="Herneck, F.",
title="Max Planck {\"u}ber wissenschaftliche Arbeit",
journal="Naturwissenschaften",
year="1976",
month="11",
day="01",
volume="63",
number="11",
pages="530--530",
issn="1432-1904",
doi="10.1007/BF00596853",
url="https://doi.org/10.1007/BF00596853"
}